<?xml version="1.0" encoding="UTF-8"?><collection xmlns="http://www.loc.gov/MARC21/slim"><record><leader>00317nam--2200121-i-4500</leader><controlfield tag="001">000040792</controlfield><controlfield tag="002">20161230</controlfield><controlfield tag="005">20161230201042</controlfield><controlfield tag="008">060222s1000------------r-----000-0-eng-d</controlfield><datafield ind1=" " ind2=" " tag="100"><subfield code="a">Schuur,G</subfield></datafield><datafield ind1=" " ind2=" " tag="245"><subfield code="a">Some aspects of the crystallization of high polymers</subfield></datafield><datafield ind1=" " ind2=" " tag="260"><subfield code="a">Delft, Rubber-stichting, 1955. 82 P</subfield></datafield><datafield ind1=" " ind2=" " tag="852"><subfield code="a">12957</subfield></datafield></record></collection>